
@ARTICLE{Pearl:1995,
  title={Causal diagrams for empirical research},
  author={Pearl, Judea},
  journal={Biometrika},
  volume={82},
  number={4},
  pages={669--688},
  year={1995},
  publisher={Oxford University Press}
}

@ARTICLE{Pearl:2009,
  title     = {Causal inference in statistics: An overview},
  author    = {Pearl, Judea},
  journal   = {Statistics surveys},
  volume    = {3},
  pages     = {96--146},
  year      = {2009},
  publisher = {Amer. Statist. Assoc., the Bernoulli Soc., 
               the Inst. Math. Statist., and the~â€¦}
}

@BOOK{Pearl:2018,
  title     = {The Book of Why: The New Science of Cause and Effect},
  author    = {Pearl, Judea and Mackenzie, Dana},
  year      = {2018},
  edition   = {1},
  publisher = {Basic Books},
  address   = {New York}
}

@ARTICLE{Pearl:2019,
  title     = {The seven tools of causal inference, 
               with reflections on machine learning},
  author    = {Pearl, Judea},
  journal   = {Communications of the ACM},
  volume    = {62},
  number    = {3},
  pages     = {54--60},
  year      = {2019},
  publisher = {ACM New York, NY, USA}
}